@article{01,
	author = {Doe, John},
	title = {Testing Bibliography},
	journaltitle = {Multi-Cloud Jornal},
	date = {2017},
}

@article{02,
	author = {Ann, Mary},
	title = {Testing Bibliography Again},
	journaltitle = {Multi-Cloud Jornal},
	date = {2017},
}